
@article{berring_legal_1987,
	title = {Legal Research and Legal Concepts: Where Form Molds Substance},
	volume = {75},
	issn = {00081221},
	shorttitle = {Legal Research and Legal Concepts},
	url = {http://www.jstor.org/stable/3480571},
	number = {1},
	journal = {California Law Review},
	author = {Robert C. Berring},
	year = {1987},
	note = {{ArticleType:} primary\_article / Issue Title: {Seventy-Fifth} Anniversary Issue / Full publication date: Jan., 1987 / Copyright © 1987 California Law Review, Inc.},
	pages = {15--27}
},

@book{kirby_reports_1788,
	title = {Reports of cases adjudged in the Superior court of the state of Connecticut},
	author = {Ephraim Kirby},
	year = {1788}
},

@article{harrington_brief_1984,
	title = {Brief History of {Computer-Assisted} Legal Research, A},
	volume = {77},
	url = {http://heinonline.org/HOL/Page?handle=hein.journals/llj77&id=553&div=&collection=journals},
	journal = {Law Library Journal},
	author = {William G Harrington},
	year = {1984},
	pages = {543}
}